<record><leader>00000cas a22000007a 4500</leader><controlfield tag="001">31041059</controlfield><controlfield tag="008">940901d18911891maudr ne      0    0eng d</controlfield><datafield ind1=" " ind2=" " tag="010"><subfield code="a">sn 94055598 </subfield></datafield><datafield ind1=" " ind2=" " tag="040"><subfield code="a">MGN</subfield><subfield code="b">eng</subfield><subfield code="c">MGN</subfield><subfield code="d">OCLCQ</subfield></datafield><datafield ind1=" " ind2=" " tag="042"><subfield code="a">msc</subfield></datafield><datafield ind1="0" ind2="0" tag="245"><subfield code="a">Salem daily call.</subfield></datafield><datafield ind1="1" ind2="3" tag="246"><subfield code="a">Morning and evening call and Marblehead enterprise</subfield></datafield><datafield ind1=" " ind2=" " tag="260"><subfield code="a">Salem, Mass. :</subfield><subfield code="b">Morrill Smith</subfield></datafield><datafield ind1=" " ind2=" " tag="300"><subfield code="a">v.</subfield></datafield><datafield ind1=" " ind2=" " tag="310"><subfield code="a">Daily</subfield></datafield><datafield ind1="0" ind2=" " tag="362"><subfield code="a">May 5, 1891-July 6, 1891.</subfield></datafield><datafield ind1=" " ind2=" " tag="752"><subfield code="a">United States</subfield><subfield code="b">Massachusetts</subfield><subfield code="c">Essex</subfield><subfield code="d">Salem.</subfield></datafield><datafield ind1="0" ind2="4" tag="780"><subfield code="t">Morning and evening call</subfield><subfield code="w">(DLC)sn 94055597</subfield></datafield><datafield ind1="0" ind2="4" tag="780"><subfield code="t">Marblehead enterprise</subfield><subfield code="w">(DLC)sn 94055619</subfield></datafield></record>